@preamble{ "\newcommand{\noopsort}[1]{} "
	# "\newcommand{\printfirst}[2]{#1} "
	# "\newcommand{\singleletter}[1]{#1} "
	# "\newcommand{\switchargs}[2]{#2#1} " }

@article{homola2016peer,
  title={Peer Review Support in a Virtual Learning Environment},
  author={Homola, Martin and Kubincov{\'a}, Zuzana and {\v{C}}ul{\'\i}k, Jakub and Trungel, Tom{\'a}{\v{s}}},
  booktitle={State-of-the-Art and Future Directions of Smart Learning},
  year={2016},
  publisher={Springer}
}


@article{culik,
  title={Learning Management System for Open Web-based Learning},
  author={Culik, Jakub},
  type={Master's thesis},
  year={2015},
}

@article{machado2007blackboard,
  title={Blackboard vs. moodle: Comparing user experience of learning management systems},
  author={Machado, Michael and Tao, Eric},
  booktitle={Frontiers In Education Conference-Global Engineering: Knowledge Without Borders, Opportunities Without Passports, 2007. FIE'07. 37th Annual},
  pages={S4J--7},
  year={2007},
  organization={IEEE}
}